

@article{mustafa2006design,
  title={Design and analysis of future memories based on switchable resistive elements},
  author={Mustafa, Jakob},
  journal={Germany: RWTH Aachen University},
  year={2006}
}


@article {paille2019gaba,
	author = {Paille, Vincent and Fino, Elodie and Du, Kai and Morera-Herreras, Teresa and Perez, Sylvie and Kotaleski, Jeanette Hellgren and Venance, Laurent},
	title = {GABAergic Circuits Control Spike-Timing-Dependent Plasticity},
	volume = {33},
	number = {22},
	pages = {9353--9363},
	year = {2013},
	doi = {10.1523/JNEUROSCI.5796-12.2013},
	publisher = {Society for Neuroscience},
	issn = {0270-6474},
	URL = {http://www.jneurosci.org/content/33/22/9353},
	eprint = {http://www.jneurosci.org/content/33/22/9353.full.pdf},
	journal = {Journal of Neuroscience}
}

@inproceedings{bafumba2008generic,
  title={Generic crossbar network on chip for FPGA MPSoCs},
  author={Bafumba-Lokilo, David and Savaria, Yvon and David, Jean-Pierre},
  booktitle={Circuits and Systems and TAISA Conference, 2008. NEWCAS-TAISA 2008. 2008 Joint 6th International IEEE Northeast Workshop on},
  pages={269--272},
  year={2008},
  organization={IEEE}
}

@inproceedings{joshi201721,
  title={21.7 2pJ/MAC 14b 8$\times$ 8 linear transform mixed-signal spatial filter in 65nm CMOS with 84dB interference suppression},
  author={Joshi, Siddharth and Kim, Chul and Ha, Sohmyung and Chi, Yu Mike and Cauwenberghs, Gert},
  booktitle={Solid-State Circuits Conference (ISSCC), 2017 IEEE International},
  pages={364--365},
  year={2017},
  organization={IEEE}
}

@article{lenero2008calibration,
  title={A calibration technique for very low current and compact tunable neuromorphic cells: application to 5-bit 20-nA DACs},
  author={Le{\~n}ero-Bardallo, Juan A and Serrano-Gotarredona, Teresa and Linares-Barranco, Bernab{\'e}},
  journal={IEEE Transactions on Circuits and Systems II: Express Briefs},
  volume={55},
  number={6},
  pages={522--526},
  year={2008},
  publisher={IEEE}
}

@inproceedings{hoang2018pca,
  title={A PCA-based method for IoT network traffic anomaly detection},
  author={Hoang, Dang Hai and Nguyen, Ha Duong},
  booktitle={Advanced Communication Technology (ICACT), 2018 20th International Conference on},
  pages={381--386},
  year={2018},
  organization={IEEE}
}

@inproceedings{IDC,
  title={IDC Worldwide Internet of Things Forecast Update, 2016-2020: December 2016},
  author={},
  booktitle={Doc \# US42082716}
}


@book{hyvarinen2004independent,
  title={Independent component analysis},
  author={Hyv{\"a}rinen, Aapo et al.},
  volume={46},
  year={2004},
  publisher={John Wiley \& Sons}
}

@inproceedings{manem2010design,
  title={Design considerations for variation tolerant multilevel CMOS/Nano memristor memory},
  author={Manem, Harika and et al.},
  booktitle={Proc. of the 20th symposium on Great lakes symposium on VLSI},
  pages={287--292},
  year={2010},
  organization={ACM}
}

@article{daly2017through,
  title={Through the Looking Glass--The 2017 Edition: Trends in Solid-State Circuits from ISSCC},
  author={Daly, Denis C and et al.},
  journal={IEEE Solid-State Circuits Magazine},
  volume={9},
  number={1},
  pages={12--22},
  year={2017},
  publisher={IEEE}
}

@inproceedings{huang2013design,
  title={Design and analysis of novel dynamic latched comparator with reduced kickback noise for high-speed ADCs},
  author={Huang, Yan and Schleifer, Horst and Killat, Dirk},
  booktitle={Cir. Theory and Des., European Conf.},
  pages={1--4},
  year={2013},
  organization={IEEE}
}

@article{sedra1990current,
  title={The current conveyor: history, progress and new results},
  author={Sedra, AS, and et~al.},
  journal={IEE Proc. Cir., Devices and Syst.},
  volume={137},
  pages={78--87},
  year={1990},
  publisher={IET}
}

@Misc{xpoint,
  author       = {S. Anthony},
  title        = {HP and SanDisk join forces to finally bring memristorlike tech to market},
  howpublished = {\url{http://arstechnica.com/gadgets/2015/10/hp-and-sandisk-join-forces-tofinally-bring-memristor-like-tech-to-market}},
  month        = {Oct},
  year         = {2015},
}

@article{elwan1996cmos,
  title={CMOS differential current conveyors and applications for analog VLSI},
  author={Elwan, Hassan O and Soliman, Ahmed M},
  journal={Analog Integr. Circuits Signal Process.},
  volume={11},
  number={1},
  pages={35--45},
  year={1996},
  publisher={Springer}
}

@article{kimschottky,
  title={Schottky Diode With Excellent Performance for Large Integration Density of Crossbar Resistive Memory; May 24, 2012; 2012 American Institute of Physics},
  author={Kim, G and et al.},
  journal={Applied Physics Letters},
  pages={213508--1}
}

@article{zidan2014memristor,
  title={Memristor multiport readout: A closed-form solution for sneak paths},
  author={Zidan, Mohammed A. and et al.},
  journal={Nanotechnology, IEEE Trans.},
  volume={13},
  number={2},
  pages={274--282},
  year={2014},
  publisher={IEEE}
}

@article{zackriya2017novel,
  title={A Novel Read Scheme for Large Size One-Resistor Resistive Random Access Memory Array},
  author={Zackriya, Mohammed and Kittur, Harish M and Chin, Albert},
  journal={Scientific Reports},
  volume={7},
  pages={42375},
  year={2017},
  publisher={Nature Publishing Group}
}

@article{truong2015new,
  title={New Twin Crossbar Architecture of Binary Memristors for Low-Power Image Recognition With Discrete Cosine Transform},
  author={Truong, Son Ngoc and et al.},
  journal={Nanotechnol., IEEE Trans.},
  volume={14},
  number={6},
  pages={1104--1111},
  year={2015},
  publisher={IEEE}
}

@article{lugli2013physical,
  title={Physical unclonable functions based on crossbar arrays for cryptographic applications},
  author={Lugli, Paolo and et al.},
  journal={International journal of circuit theory and applications},
  volume={41},
  number={6},
  pages={619--633},
  year={2013},
  publisher={Wiley Online Library}
}
@article{miao2011anatomy,
  title={Anatomy of a Nanoscale Conduction Channel Reveals the Mechanism of a High-Performance Memristor},
  author={Miao, Feng and and et al.},
  journal={Advanced Materials},
  volume={23},
  number={47},
  pages={5633--5640},
  year={2011},
  publisher={Wiley Online Library}
}

@article{bromberg2012novel,
  title={Novel STT-MTJ device enabling all-metallic logic circuits},
  author={Bromberg, David M and and et al.},
  journal={Magnetics, IEEE Transactions on},
  volume={48},
  number={11},
  pages={3215--3218},
  year={2012},
  publisher={IEEE}
}

@article{kawahara20138,
  title={An 8 Mb multi-layered cross-point ReRAM macro with 443 MB/s write throughput},
  author={Kawahara, Akifumi and et al.},
  journal={IEEE J.Solid-State Circuits},
  year={2013},
  publisher={IEEE}
}



@article{liu2014130,
  title={A 130.7-$mm^2$ 2-Layer 32-Gb ReRAM Memory Device in 24-nm Technology},
  author={Liu, Tz-yi and et al.},
  journal={IEEE J. Solid-State Circuits},
  pages={140--153},
  year={2014},
  publisher={IEEE}
}


@article{kim2016voltage,
  title={Voltage divider effect for the improvement of variability and endurance of TaOx memristor},
  author={Kim, Kyung Min and and et al.},
  journal={Scientific reports},
  volume={6},
  year={2016},
  publisher={Nature Publishing Group}
}

@article{vourkas2016alternative,
  title={Alternative architectures toward reliable memristive crossbar memories},
  author={Vourkas, Ioannis and et al.},
  journal={IEEE Trans. Very Large Scale Integr. (VLSI) Syst.},
  volume={24},
  number={1},
  pages={206--217},
  year={2016},
  publisher={IEEE}
}

@article{naous2016pilot,
  title={Pilot assisted readout for passive memristor crossbars},
  author={Naous, Rawan and et al.},
  journal={Microelectronics Journal},
  volume={54},
  pages={48--58},
  year={2016},
  publisher={Elsevier}
}

@article{zidan2016single,
  title={Single-readout high-density memristor crossbar},
  author={Zidan, MA and et al.},
  journal={Scientific reports},
  volume={6},
  year={2016},
  publisher={Nature Publishing Group}
}

@inproceedings{banerjee2005interconnect,
  title={Interconnect modeling and analysis in the nanometer era: Cu and beyond},
  author={Banerjee, Kaustav and Im, Sungjun and Srivastava, Navin},
  booktitle={Proceedings of the 22nd Advanced Metallization Conference (AMCï¿½05)},
  pages={25--31},
  year={2005}
}

@article{adhikari2013three,
  title={Three fingerprints of memristor},
  author={Adhikari, Shyam Prasad and Sah, Maheshwar Pd and Kim, Hyongsuk and Chua, Leon O},
  journal={IEEE Transactions on Circuits and Systems I: Regular Papers},
  volume={60},
  number={11},
  pages={3008--3021},
  year={2013},
  publisher={IEEE}
}

@article{hou2016ferroelectric,
  title={A ferroelectric memristor based on the migration of oxygen vacancies},
  author={Hou, Pengfei and Wang, Jinbin and Zhong, Xiangli and Wu, Yuexian},
  journal={RSC Advances},
  year={2016},
  publisher={Royal Society of Chemistry}
}

@article{kim2018deep,
  title={Deep neural network optimized to resistive memory with nonlinear current-voltage characteristics},
  author={Kim, Hyungjun and Kim, Taesu and Kim, Jinseok and Kim, Jae-Joon},
  journal={ACM Journal on Emerging Technologies in Computing Systems (JETC)},
  volume={14},
  number={2},
  pages={15},
  year={2018},
  publisher={ACM}
}

@inproceedings{jo20143d,
  title={3D-stackable crossbar resistive memory based on field assisted superlinear threshold (FAST) selector},
  author={Jo, Sung Hyun and et al.},
  booktitle={Electron Devices Meeting (IEDM), 2014 IEEE Int.},
  pages={6--7},
  year={2014},
  organization={IEEE}
}

@article{shomalnasab2015new,
  title={New analytic model of coupling and substrate capacitance in Nanometer Technologies},
  author={Shomalnasab, Gholamreza and Zhang, Lihong},
  journal={IEEE Transactions on Very Large Scale Integration (VLSI) Systems},
  volume={23},
  number={7},
  pages={1268--1280},
  year={2015},
  publisher={IEEE}
}

@article{bai2015stacked,
  title={Stacked 3D RRAM Array with Graphene/CNT as Edge Electrodes},
  author={Bai, Yue and and et al.},
  journal={Scientific reports},
  volume={5},
  year={2015},
  publisher={Nature Publishing Group}
}


@book{shackelford2016crc,
  title={CRC materials science and engineering handbook},
  author={Shackelford, James F and Han, Young-Hwan and Kim, Sukyoung and Kwon, Se-Hun},
  year={2016},
  publisher={CRC press}
}


@incollection{eggers1996fast,
  title={Fast reconfigurable crossbar switching in FPGAs},
  author={Eggers, Holger and Lysaght, Patrick and Dick, Hugh and McGregor, Gordon},
  booktitle={Field-Programmable Logic Smart Applications, New Paradigms and Compilers},
  pages={297--306},
  year={1996},
  publisher={Springer}
}

@article{tsai2013resistive,
  title={Resistive random access memory enabled by carbon nanotube crossbar electrodes},
  author={Tsai, Cheng-Lin and Xiong, Feng and Pop, Eric and Shim, Moonsub},
  journal={Acs Nano},
  volume={7},
  number={6},
  pages={5360--5366},
  year={2013},
  publisher={ACS Publications}
}

@article{kannan2013sneak,
  title={Sneak-path testing of crossbar-based nonvolatile random access memories},
  author={Kannan, Sachhidh and and et al.},
  journal={Nanotechnology, IEEE Transactions on},
  volume={12},
  number={3},
  pages={413--426},
  year={2013},
  publisher={IEEE}
}

@article{zidan2013memristor,
  title={Memristor-based memory: The sneak paths problem and solutions},
  author={Zidan, Mohammed Affan and et al.},
  journal={Microelectronics Journal},
  volume={44},
  number={2},
  pages={176--183},
  year={2013},
  publisher={Elsevier}
}

@inproceedings{xu2015overcoming,
  title={Overcoming the challenges of crossbar resistive memory architectures},
  author={Xu, Cong and et al.},
  booktitle={High Performance Computer Architecture (HPCA), 2015 IEEE 21st International Symposium on},
  pages={476--488},
  year={2015},
  organization={IEEE}
}

@article{linn2012beyond,
  title={Beyond von Neumann? logic operations in passive crossbar arrays alongside memory operations},
  author={Linn, E and Rosezin, R and Tappertzhofen, S and Waser, R and others},
  journal={Nanotechnology},
  volume={23},
  number={30},
  pages={305205},
  year={2012},
  publisher={IOP Publishing}
}

@article{rosezin2011crossbar,
  title={Crossbar logic using bipolar and complementary resistive switches},
  author={Rosezin, R and Linn, E and K{\"u}geler, C and Bruchhaus, R and Waser, R},
  journal={Electron Device Letters, IEEE},
  volume={32},
  number={6},
  pages={710--712},
  year={2011},
  publisher={IEEE}
}
@article{siemon2015complementary,
  title={A complementary resistive switch-based crossbar array adder},
  author={Siemon, Anne and Menzel, Stephan and Waser, Rainer and Linn, Eike},
  journal={Emerging and Selected Topics in Circuits and Systems, IEEE Journal on},
  volume={5},
  number={1},
  pages={64--74},
  year={2015},
  publisher={IEEE}
}

@article{kuekes2005crossbar,
  title={Crossbar nanocomputers},
  author={Kuekes, Philip J and Snider, Gregory S and Williams, R Stanley},
  journal={Scientific American},
  volume={293},
  number={5},
  pages={72--80},
  year={2005},
  publisher={Nature Publishing Group}
}

@article{strukov2012reconfigurable,
  title={Reconfigurable nano-crossbar architectures},
  author={Strukov, Dmitri B and Likharev, Konstantin K},
  journal={Nanoelectronics and Information Technology},
  pages={543--562},
  year={2012},
  publisher={New York, NY, USA: Wiley}
}

@inproceedings{zhang2015memristor,
  title={A Memristor-Crossbar/CMOS Integrated Network for Pattern Classification and Recognition},
  author={Zhang, L and Chang, ZJ},
  booktitle={International Conference on Computer Information Systems and Industrial Applications},
  year={2015},
  organization={Atlantis Press}
}

@article{truong2015new,
  title={New Twin Crossbar Architecture of Binary Memristors for Low-Power Image Recognition With Discrete Cosine Transform},
  author={Truong, Son Ngoc and et al.},
  journal={Nanotechnology, IEEE Transactions on},
  volume={14},
  number={6},
  pages={1104--1111},
  year={2015},
  publisher={IEEE}
}

@inproceedings{zamanidoost2015manhattan,
  title={Manhattan rule training for memristive crossbar circuit pattern classifiers},
  author={Zamanidoost, Elham and and et al.},
  booktitle={Intelligent Signal Processing (WISP), 2015 IEEE 9th International Symposium on},
  pages={1--6},
  year={2015},
  organization={IEEE}
}

@inproceedings{bennett2015supervised,
  title={Supervised learning with organic memristor devices and prospects for neural crossbar arrays},
  author={Bennett, Christopher H and et al.},
  booktitle={Nanoscale Architectures (NANOARCH), 2015 IEEE/ACM International Symposium on},
  pages={181--186},
  year={2015},
  organization={IEEE}
}

@article{yu2018neuro,
  title={Neuro-Inspired Computing With Emerging Nonvolatile Memorys},
  author={Yu, Shimeng},
  journal={Proceedings of the IEEE},
  volume={106},
  number={2},
  pages={260--285},
  year={2018},
  publisher={IEEE}
}

@article{hu2014memristor,
  title={Memristor crossbar-based neuromorphic computing system: A case study},
  author={Hu, Miao and Li, Hai and Chen, Yiran and Wu, Qing and Rose, Garrett S and Linderman, Richard W},
  journal={Neural Networks and Learning Systems, IEEE Transactions on},
  volume={25},
  number={10},
  pages={1864--1878},
  year={2014},
  publisher={IEEE}
}
@article{chang2017mitigating,
  title={Mitigating Asymmetric Nonlinear Weight Update Effects in Hardware Neural Network based on Analog Resistive Synapse},
  author={Chang, Chih-Cheng and et al.},
  journal={IEEE Journal on Emerging and Selected Topics in Circuits and Systems},
  year={2017},
  publisher={IEEE}
}

@article{li2018analogue,
  title={Analogue signal and image processing with large memristor crossbars},
  author={Li, Can and et al.},
  journal={Nature Electronics},
  volume={1},
  number={1},
  pages={52},
  year={2018},
  publisher={Nature Publishing Group}
}

@article{du2017reservoir,
  title={Reservoir computing using dynamic memristors for temporal information processing},
  author={Du, Chao et al.},
  journal={Nature communications},
  volume={8},
  pages={2204},
  year={2017},
  publisher={Nature Publishing Group}
}

@article{choi2017experimental,
  title={Experimental demonstration of feature extraction and dimensionality reduction using memristor networks},
  author={Choi, Shinhyun et al.},
  journal={Nano letters},
  volume={17},
  number={5},
  pages={3113--3118},
  year={2017},
  publisher={ACS Publications}
}

@article{hyvarinen2000independent,
  title={Independent component analysis: algorithms and applications},
  author={Hyv{\"a}rinen, et al.},
  journal={Neural networks},
  volume={13},
  number={4-5},
  pages={411--430},
  year={2000},
  publisher={Elsevier}
}

@article{isomura2016local,
  title={A local learning rule for independent component analysis},
  author={Isomura, Takuya and Toyoizumi, Taro},
  journal={Scientific reports},
  volume={6},
  pages={28073},
  year={2016},
  publisher={Nature Publishing Group}
}

@article{kusmierz2017learning,
title = "Learning with three factors: modulating Hebbian plasticity with errors",
journal = "Current Opinion in Neurobiology",
volume = "46",
pages = "170 - 177",
year = "2017",
note = "Computational Neuroscience",
issn = "0959-4388",
doi = "https://doi.org/10.1016/j.conb.2017.08.020",
author = "Lukasz Kusmierz and Takuya Isomura and Taro Toyoizumi",
}

@article{isomura2018error,
  title={Error-Gated Hebbian Rule: A Local Learning Rule for Principal and Independent Component Analysis},
  author={Isomura, Takuya and Toyoizumi, Taro},
  journal={Scientific reports},
  volume={8},
  number={1},
  pages={1835},
  year={2018},
  publisher={Nature Publishing Group}
}

@article{prezioso2015training,
  title={Training and operation of an integrated neuromorphic network based on metal-oxide memristors},
  author={Prezioso, Mirko and et al.},
  journal={Nature},
  volume={521},
  number={7550},
  pages={61},
  year={2015},
  publisher={Nature Publishing Group}
}


@article{truong2014new,
  title={New memristor-based crossbar array architecture with 50-\% area reduction and 48-\% power saving for matrix-vector multiplication of analog neuromorphic computing},
  author={Truong, Son Ngoc and Min, Kyeong-Sik},
  journal={Journal of semiconductor technology and science},
  volume={14},
  number={3},
  pages={356--363},
  year={2014}
}

@article{ruhrmair2011applications,
  title={Applications of high-capacity crossbar memories in cryptography},
  author={Ruhrmair, U and Jaeger, Christian and Bator, Matthias and Stutzmann, Martin and Lugli, Paolo and Csaba, Gy{\"o}rgy},
  journal={Nanotechnology, IEEE Transactions on},
  volume={10},
  number={3},
  pages={489--498},
  year={2011},
  publisher={IEEE}
}

@article{wong2012metal,
  title={Metal--oxide RRAM},
  author={Wong, H-S Philip and and et al.},
  journal={Proceedings of the IEEE},
  volume={100},
  number={6},
  pages={1951--1970},
  year={2012},
  publisher={IEEE}
}

@incollection{micheloni20163d,
  title={3D Stacked NAND Flash Memories},
  author={Micheloni, Rino and Crippa, Luca},
  booktitle={3D Flash Memories},
  pages={63--83},
  year={2016},
  publisher={Springer}
}

@article{chua1971memristor,
  title={Memristor-the missing circuit element},
  author={Chua, Leon O},
  journal={Circuit Theory, IEEE Transactions on},
  volume={18},
  number={5},
  pages={507--519},
  year={1971},
  publisher={IEEE}
}

@inproceedings{weis2011design,
  title={Design space exploration for 3D-stacked DRAMs},
  author={Weis, Christian and Wehn, Norbert and Igor, Loi and Benini, Luca},
  booktitle={DATE},
  pages={1--6},
  year={2011},
  organization={IEEE}
}


@article{liang2010cross,
  title={Cross-point memory array without cell selectorsâDevice characteristics and data storage pattern dependencies},
  author={Liang, Jiale and Wong, H-S Philip},
  journal={IEEE Trans. Electron Devices},
  volume={57},
  number={10},
  pages={2531--2538},
  year={2010},
  publisher={IEEE}
}


@article{deng2013rram,
  title={RRAM crossbar array with cell selection device: A device and circuit interaction study},
  author={Deng, Yexin and et al.},
  journal={IEEE Transactions on Electron Devices},
  volume={60},
  number={2},
  pages={719--726},
  year={2013},
  publisher={IEEE}
}


@book{radwan2015mathematical,
  title={On the Mathematical Modeling of Memristor, Memcapacitor, and Meminductor},
  author={Radwan, Ahmed G and Fouda, Mohammed E},
  volume={26},
  year={2015},
  publisher={Springer}
}

@article{strukov2008missing,
  title={The missing memristor found},
  author={Strukov, Dmitri B and Snider, Gregory S and Stewart, Duncan R and Williams, R Stanley},
  journal={nature},
  volume={453},
  number={7191},
  pages={80--83},
  year={2008},
  publisher={Nature Publishing Group}
}

@article{pickett2009switching,
  title={Switching dynamics in titanium dioxide memristive devices},
  author={Pickett, Matthew D and and et al.},
  journal={Journal of Applied Physics},
  volume={106},
  number={7},
  pages={074508},
  year={2009},
  publisher={AIP Publishing}
}


@article{narayanan2015exploring,
  title={Exploring the Design Space for Crossbar Arrays Built With Mixed-Ionic-Electronic-Conduction (MIEC) Access Devices},
  author={Narayanan, Pritish and et al.},
  journal={IEEE Journal of the Electron Devices Society},
  volume={3},
  number={5},
  pages={423--434},
  year={2015},
  publisher={IEEE}
}

@article{choi2016high,
  title={High-Speed and Low-Energy Nitride Memristors},
  author={Choi, Byung Joon and Torrezan, Antonio C and Strachan, John Paul and Kotula, PG and Lohn, AJ and Marinella, Matthew J and Li, Zhiyong and Williams, R Stanley and Yang, J Joshua},
  journal={Advanced Functional Materials},
  volume={26},
  number={29},
  pages={5290--5296},
  year={2016},
  publisher={Wiley Online Library}
}

@article{chappert2007emergence,
  title={The emergence of spin electronics in data storage},
  author={Chappert, Claude and Fert, Albert and Van Dau, Fr{\'e}d{\'e}ric Nguyen},
  journal={Nature materials},
  volume={6},
  number={11},
  pages={813--823},
  year={2007},
  publisher={Nature Publishing Group}
}

@article{chanthbouala2012solid,
  title={Solid-state memories based on ferroelectric tunnel junctions},
  author={Chanthbouala, Andr{\'e} and et al.},
  journal={Nature nanotechnology},
  volume={7},
  number={2},
  pages={101--104},
  year={2012},
  publisher={Nature Publishing Group}
}
@article{friedman2014complementary,
  title={Complementary magnetic tunnel junction logic},
  author={Friedman, Joseph S and Sahakian, Alan V},
  journal={Electron Devices, IEEE Transactions on},
  volume={61},
  number={4},
  pages={1207--1210},
  year={2014},
  publisher={IEEE}
}
@inproceedings{ziegler2002design,
  title={Design and analysis of crossbar circuits for molecular nanoelectronics},
  author={Ziegler, Matthew M and Stan, Mircea R},
  booktitle={Nanotechnology, 2002. IEEE-NANO 2002. Proceedings of the 2002 2nd IEEE Conference on},
  pages={323--327},
  year={2002},
  organization={IEEE}
}

@article{chen2013comprehensive,
  title={A comprehensive crossbar array model with solutions for line resistance and nonlinear device characteristics},
  author={Chen, An},
  journal={Electron Devices, IEEE Transactions on},
  volume={60},
  number={4},
  pages={1318--1326},
  year={2013},
  publisher={IEEE}
}



@article{chen2015nonlinearity,
  title={Nonlinearity and Asymmetry for Device Selection in Cross-Bar Memory Arrays},
  author={Chen, An},
  journal={IEEE Transactions on Electron Devices},
  volume={62},
  number={9},
  pages={2857--2864},
  year={2015},
  publisher={IEEE}
}

@article{yang2012engineering,
  title={Engineering nonlinearity into memristors for passive crossbar applications},
  author={Yang, J Joshua and et al.},
  journal={Applied Physics Letters},
  volume={100},
  number={11},
  pages={113501},
  year={2012},
  publisher={AIP Publishing}
}


@article{vontobel2009writing,
  title={Writing to and reading from a nano-scale crossbar memory based on memristors},
  author={Vontobel, Pascal O and et al.},
  journal={Nanotechnology},
  volume={20},
  number={42},
  pages={425204},
  year={2009},
  publisher={IOP Publishing}
}



@inproceedings{flocke2008fundamental,
  title={A fundamental analysis of nano-crossbars with non-linear switching materials and its impact on TiO2 as a resistive layer},
  author={Flocke, A and et al.},
  booktitle={Nanotechnology, 2008. NANO'08. 8th IEEE Conference on},
  pages={319--322},
  year={2008},
  organization={IEEE}
}

@article{puglisi2015novel,
  title={A novel program-verify algorithm for multi-bit operation in HfO 2 RRAM},
  author={Puglisi, Francesco Maria and Wenger, C and Pavan, Paolo},
  journal={IEEE Electron Device Letters},
  volume={36},
  number={10},
  pages={1030--1032},
  year={2015},
  publisher={IEEE}
}

@article{jain2018rx,
  title={Rx-Caffe: Framework for evaluating and training Deep Neural Networks on Resistive Crossbars},
  author={Jain, Shubham and Sengupta, Abhronil and Roy, Kaushik and Raghunathan, Anand},
  journal={arXiv preprint arXiv:1809.00072},
  year={2018}
}

@article{fouda2019resistive,
  title={On Resistive Memories: One Step Row Readout Technique and Sensing Circuitry},
  author={Fouda, Mohammed E and Eltawil, Ahmed M and Kurdahi, Fadi},
  journal={arXiv preprint arXiv:1903.01512},
  year={2019}
}

@inproceedings{Fouda2017one,
  title={On One Step Row Readout Technique of Selector-Less Resistive Arrays},
  author={Fouda, ME and et al. },
  booktitle={Cir. and Sys., Int. Midwest Symp.},
  year={2017},
  organization={IEEE}
}

@article{agarwal2006modeling,
  title={Modeling and analysis of crosstalk noise in coupled RLC interconnects},
  author={Agarwal, Kanak and Sylvester, Dennis and Blaauw, David},
  journal={IEEE Transactions on Computer-Aided Design of Integrated Circuits and Systems},
  volume={25},
  number={5},
  pages={892--901},
  year={2006},
  publisher={IEEE}
}

@article{davis2000compact1,
  title={Compact distributed RLC interconnect models-Part II: Coupled line transient expressions and peak crosstalk in multilevel networks},
  author={Davis, Jeffrey A and Meindl, James D},
  journal={IEEE Transactions on Electron Devices},
  volume={47},
  number={11},
  pages={2078--2087},
  year={2000},
  publisher={IEEE}
}

@article{qureshi2012ac,
  title={AC sense technique for memristor crossbar},
  author={Qureshi, MS and Yi, Wei and Medeiros-Ribeiro, G and Williams, RS},
  journal={Electronics letters},
  volume={48},
  number={13},
  pages={1},
  year={2012},
  publisher={The Institution of Engineering \& Technology}
}

@book{ogata2001modern,
  title={Modern control engineering},
  author={Ogata, Katsuhiko},
  year={2001},
  publisher={Prentice Hall PTR}
}

@inproceedings{pandey2015analysis,
  title={Analysis of local interconnect resistance at scaled process nodes},
  author={Pandey, R and Agrawal, N and Arghavani, R and Datta, S},
  booktitle={Device Research Conference (DRC), 2015 73rd Annual},
  pages={184--184},
  year={2015},
  organization={IEEE}
}

@article{wilson2013international,
  title={International technology roadmap for semiconductors},
  author={Wilson, Linda},
  journal={Semiconductor Industry Association},
  year={2013}
}

@article{elmore1948transient,
  title={The transient response of damped linear networks with particular regard to wideband amplifiers},
  author={Elmore, WC},
  journal={Journal of applied physics},
  volume={19},
  number={1},
  pages={55--63},
  year={1948},
  publisher={AIP Publishing}
}


@article{torrezan2011sub,
  title={Sub-nanosecond switching of a tantalum oxide memristor},
  author={Torrezan, Antonio C and Strachan, John Paul and Medeiros-Ribeiro, Gilberto and Williams, R Stanley},
  journal={Nanotechnology},
  volume={22},
  number={48},
  pages={485203},
  year={2011},
  publisher={IOP Publishing}
}

@article{park2016tio,
  title={TiO x-based RRAM synapse with 64-levels of conductance and symmetric conductance change by adopting a hybrid pulse scheme for neuromorphic computing},
  author={Park, Jaesung and et al.},
  journal={IEEE Electron Device Letters},
  volume={37},
  number={12},
  pages={1559--1562},
  year={2016},
  publisher={IEEE}
}

% Encoding: UTF-8

@article{mustafa2006design,
  title={Design and analysis of future memories based on switchable resistive elements},
  author={Mustafa, Jakob},
  journal={Germany: RWTH Aachen University},
  year={2006}
}

@inproceedings{tang2017binary,
  title={Binary convolutional neural network on RRAM},
  author={Tang, Tianqi and Xia, Lixue and Li, Boxun and Wang, Yu and Yang, Huazhong},
  booktitle={Design Automation Conference (ASP-DAC), 2017 22nd Asia and South Pacific},
  pages={782--787},
  year={2017},
  organization={IEEE}
}

@article{li2018efficient,
  title={Efficient and self-adaptive in-situ learning in multilayer memristor neural networks},
  author={Li, Can and et al.},
  journal={Nature Communications},
  pages={2385},
  year={2018},
  publisher={Nature Publishing Group}
}

@article{choi2017experimental,
  title={Experimental demonstration of feature extraction and dimensionality reduction using memristor networks},
  author={Choi, Shinhyun and et al.},
  journal={Nano letters},
  volume={17},
  number={5},
  pages={3113--3118},
  year={2017},
  publisher={ACS Publications}
}
@article{chang2017mitigating,
  title={Mitigating Asymmetric Nonlinear Weight Update Effects in Hardware Neural Network based on Analog Resistive Synapse},
  author={Chang, Chih-Cheng and et al.},
  journal={IEEE Journal on Emerging and Selected Topics in Cir. and Syst.},
  year={2017},
  publisher={IEEE}
}

@article{prezioso2015training,
  title={Training and operation of an integrated neuromorphic network based on metal-oxide memristors},
  author={Prezioso, Mirko and et al.},
  journal={Nature},
  volume={521},
  number={7550},
  pages={61--64},
  year={2015},
  publisher={Nature Research}
}

@article{tabarce2005programmable,
  title={Programmable analogue VLSI implementation for asymmetric sigmoid neural activation function and its derivative},
  author={Tabarce, S and et al.},
  journal={Electronics Letters},
  volume={41},
  number={15},
  pages={863--864},
  year={2005},
  publisher={IET}
}
@article{guo2015modeling,
  title={Modeling and experimental demonstration of a Hopfield network analog-to-digital converter with hybrid CMOS/memristor circuits},
  author={Guo, Xinjie and Merrikh-Bayat, Farnood and Gao, Ligang and Hoskins, Brian D and Alibart, Fabien and Linares-Barranco, Bernabe and Theogarajan, Luke and Teuscher, Christof and Strukov, Dmitri B},
  journal={Frontiers in neuroscience},
  volume={9},
  pages={488},
  year={2015},
  publisher={Frontiers}
}

@article{lenero2008calibration,
  title={A calibration technique for very low current and compact tunable neuromorphic cells: application to 5-bit 20-nA DACs},
  author={Le{\~n}ero-Bardallo, Juan A and et al.},
  journal={IEEE Trans. Cir. and Syst. II: Express Briefs},
  volume={55},
  pages={522--526},
  year={2008},
  publisher={IEEE}
}

@article{fouda2018independent,
  title={Independent Component Analysis Using RRAMs},
  author={Fouda, Mohammed and Neftci, Emre and Eltawil, Ahmed M and Kurdahi, Fadi},
  journal={IEEE Trans. on Nanotech.},
  year={2018},
  publisher={IEEE}
}


@article{al1997cmos,
  title={CMOS analogue neurone circuit with programmable activation functions utilising MOS transistors with optimised process/device parameters},
  author={Al-Ruwaihi, KM},
  journal={IEE Proceedings-Circuits, Devices and Systems},
  volume={144},
  number={6},
  pages={318--322},
  year={1997},
  publisher={IET}
}


@inproceedings{lu2002hardware,
  title={Hardware implementation of an expandable on-chip learning neural network with 8-neuron and 64-synapse},
  author={Lu, Chun and Shi, Bingxue and Chen, Lu},
  booktitle={TENCON'02.},
  volume={3},
  pages={1451--1454},
  year={2002},
  organization={IEEE}
}

@article{carrasco2009novel,
  title={A novel minimum-size activation function and its derivative},
  author={Carrasco-Robles, Manuel and Serrano, Luis},
  journal={IEEE Transactions on Circuits and Systems II: Express Briefs},
  volume={56},
  number={4},
  pages={280--284},
  year={2009},
  publisher={IEEE}
}

@article{sedra1990current,
  title={The current conveyor: history, progress and new results},
  author={Sedra, AS and Roberts, Gordon W and Gohh, F},
  journal={IEE Proceedings G-Circuits, Devices and Systems},
  volume={137},
  number={2},
  pages={78--87},
  year={1990},
  publisher={IET}
}

@article{carrasco2009accurate,
  title={Accurate differential tanh (nx) implementation},
  author={Carrasco-Robles, Manuel and Serrano, Luis},
  journal={International Journal of Circuit Theory and Applications},
  volume={37},
  number={5},
  pages={613--629},
  year={2009},
  publisher={Wiley Online Library}
}

@article{chande1995neural,
  title={On neural networks for analog to digital conversion},
  author={Chande, Vinay and Poonacha, PG},
  journal={IEEE trans. on neural networks},
  volume={6},
  pages={1269--1274},
  year={1995},
  publisher={IEEE}
}

@article{elwan1996cmos,
  title={CMOS differential current conveyors and applications for analog VLSI},
  author={Elwan, Hassan O and Soliman, Ahmed M},
  journal={Analog Integrated Circuits and Signal Processing},
  volume={11},
  number={1},
  pages={35--45},
  year={1996},
  publisher={Springer}
}

@inproceedings{bafumba2008generic,
  title={Generic crossbar network on chip for FPGA MPSoCs},
  author={Bafumba-Lokilo, David and Savaria, Yvon and David, Jean-Pierre},
  booktitle={Circuits and Systems and TAISA Conference, 2008. NEWCAS-TAISA 2008. 2008 Joint 6th International IEEE Northeast Workshop on},
  pages={269--272},
  year={2008},
  organization={IEEE}
}


@article{furber2016large,
  title={Large-scale neuromorphic computing systems},
  author={Furber, Steve},
  journal={Journal of neural engineering},
  volume={13},
  number={5},
  pages={051001},
  year={2016},
  publisher={IOP Publishing}
}

@article{daly2017through,
  title={Through the Looking Glass--The 2017 Edition: Trends in Solid-State Circuits from ISSCC},
  author={Daly, Denis C and Fujino, Laura C and Smith, Kenneth C},
  journal={IEEE Solid-State Circuits Magazine},
  volume={9},
  number={1},
  pages={12--22},
  year={2017},
  publisher={IEEE}
}

@inproceedings{huang2013design,
  title={Design and analysis of novel dynamic latched comparator with reduced kickback noise for high-speed ADCs},
  author={Huang, Yan and Schleifer, Horst and Killat, Dirk},
  booktitle={Circuit Theory and Design (ECCTD), 2013 European Conference on},
  pages={1--4},
  year={2013},
  organization={IEEE}
}

@Article{Sedra1990,
  author    = {Sedra, AS and Roberts, Gordon W and Gohh, F},
  title     = {The current conveyor: history, progress and new results},
  journal   = {IEE Proceedings G-Circuits, Devices and Systems},
  year      = {1990},
  volume    = {137},
  number    = {2},
  pages     = {78--87},
  publisher = {IET},
}

@Misc{xpoint,
  author       = {S. Anthony},
  title        = {HP and SanDisk join forces to finally bring memristorlike tech to market},
  howpublished = {\url{http://arstechnica.com/gadgets/2015/10/hp-and-sandisk-join-forces-tofinally-bring-memristor-like-tech-to-market}},
  month        = {Oct},
  year         = {2015},
  note         = {Accessed: 1-July-2017},
}

@Article{Elwan1996,
  author    = {Elwan, Hassan O and Soliman, Ahmed M},
  title     = {CMOS differential current conveyors and applications for analog VLSI},
  journal   = {Analog Integrated Circuits and Signal Processing},
  year      = {1996},
  volume    = {11},
  number    = {1},
  pages     = {35--45},
  publisher = {Springer},
}

@article{kimschottky,
  title={Schottky Diode With Excellent Performance for Large Integration Density of Crossbar Resistive Memory; May 24, 2012; 2012 American Institute of Physics},
  author={Kim, G and others},
  journal={Applied Physics Letters},
  pages={213508--1}
}

@article{zidan2014memristor,
  title={Memristor multiport readout: A closed-form solution for sneak paths},
  author={Zidan, Mohammed A. and et al.},
  journal={Nanotechnology, IEEE Trans.},
  volume={13},
  number={2},
  pages={274--282},
  year={2014},
  publisher={IEEE}
}

@article{truong2015new,
  title={New Twin Crossbar Architecture of Binary Memristors for Low-Power Image Recognition With Discrete Cosine Transform},
  author={Truong, Son Ngoc and et al.},
  journal={Nanotechnol., IEEE Trans.},
  volume={14},
  number={6},
  pages={1104--1111},
  year={2015},
  publisher={IEEE}
}

@article{lugli2013physical,
  title={Physical unclonable functions based on crossbar arrays for cryptographic applications},
  author={Lugli, Paolo and Mahmoud, Ahmed and Csaba, Gy{\"o}rgy and Algasinger, Michael and Stutzmann, Martin and R{\"u}hrmair, Ulrich},
  journal={International journal of circuit theory and applications},
  volume={41},
  number={6},
  pages={619--633},
  year={2013},
  publisher={Wiley Online Library}
}
@article{miao2011anatomy,
  title={Anatomy of a Nanoscale Conduction Channel Reveals the Mechanism of a High-Performance Memristor},
  author={Miao, Feng and Strachan, John Paul and Yang, J Joshua and Zhang, Min-Xian and Goldfarb, Ilan and Torrezan, Antonio C and Eschbach, Peter and Kelley, Ronald D and Medeiros-Ribeiro, Gilberto and Williams, R Stanley},
  journal={Advanced Materials},
  volume={23},
  number={47},
  pages={5633--5640},
  year={2011},
  publisher={Wiley Online Library}
}

@article{bromberg2012novel,
  title={Novel STT-MTJ device enabling all-metallic logic circuits},
  author={Bromberg, David M and Morris, Daniel H and Pileggi, Larry and Zhu, Jian-Gang},
  journal={Magnetics, IEEE Transactions on},
  volume={48},
  number={11},
  pages={3215--3218},
  year={2012},
  publisher={IEEE}
}

@article{kawahara20138,
  title={An 8 Mb multi-layered cross-point ReRAM macro with 443 MB/s write throughput},
  author={Kawahara, Akifumi and Azuma, Ryotaro and Ikeda, Yuuichirou and Kawai, Ken and Katoh, Yoshikazu and Hayakawa, Yukio and Tsuji, Kiyotaka and Yoneda, Shinichi and Himeno, Atsushi and Shimakawa, Kazuhiko and others},
  journal={IEEE Journal of Solid-State Circuits},
  volume={48},
  number={1},
  pages={178--185},
  year={2013},
  publisher={IEEE}
}



@article{liu2014130,
  title={A 130.7-$mm^2$ 2-Layer 32-Gb ReRAM Memory Device in 24-nm Technology},
  author={Liu, Tz-yi and Yan, Tian Hong and Scheuerlein, Roy and Chen, Yingchang and Lee, Jeffrey KoonYee and Balakrishnan, Gopinath and Yee, Gordon and Zhang, Henry and Yap, Alex and Ouyang, Jingwen and others},
  journal={IEEE Journal of Solid-State Circuits},
  volume={49},
  number={1},
  pages={140--153},
  year={2014},
  publisher={IEEE}
}


@article{kim2016voltage,
  title={Voltage divider effect for the improvement of variability and endurance of TaOx memristor},
  author={Kim, Kyung Min and Yang, J Joshua and Strachan, John Paul and Grafals, Emmanuelle Merced and Ge, Ning and Melendez, Noraica Davila and Li, Zhiyong and Williams, R Stanley},
  journal={Scientific reports},
  volume={6},
  year={2016},
  publisher={Nature Publishing Group}
}

@article{vourkas2016alternative,
  title={Alternative architectures toward reliable memristive crossbar memories},
  author={Vourkas, Ioannis and et al.},
  journal={IEEE Trans. Very Large Scale Integr. (VLSI) Syst.},
  volume={24},
  number={1},
  pages={206--217},
  year={2016},
  publisher={IEEE}
}

@article{naous2016pilot,
  title={Pilot assisted readout for passive memristor crossbars},
  author={Naous, Rawan and et al.},
  journal={Microelectronics Journal},
  volume={54},
  pages={48--58},
  year={2016},
  publisher={Elsevier}
}

@article{zidan2016single,
  title={Single-readout high-density memristor crossbar},
  author={Zidan, MA and et al.},
  journal={Scientific reports},
  volume={6},
  year={2016},
  publisher={Nature Publishing Group}
}

@inproceedings{banerjee2005interconnect,
  title={Interconnect modeling and analysis in the nanometer era: Cu and beyond},
  author={Banerjee, Kaustav and Im, Sungjun and Srivastava, Navin},
  booktitle={Proceedings of the 22nd Advanced Metallization Conference (AMCï¿½05)},
  pages={25--31},
  year={2005}
}

@article{hou2016ferroelectric,
  title={A ferroelectric memristor based on the migration of oxygen vacancies},
  author={Hou, Pengfei and Wang, Jinbin and Zhong, Xiangli and Wu, Yuexian},
  journal={RSC Advances},
  year={2016},
  publisher={Royal Society of Chemistry}
}


@inproceedings{jo20143d,
  title={3D-stackable crossbar resistive memory based on field assisted superlinear threshold (FAST) selector},
  author={Jo, Sung Hyun and Kumar, Tanmay and Narayanan, Sundar and Lu, Wei D and Nazarian, Hagop},
  booktitle={Electron Devices Meeting (IEDM), 2014 IEEE International},
  pages={6--7},
  year={2014},
  organization={IEEE}
}

@article{shomalnasab2015new,
  title={New analytic model of coupling and substrate capacitance in Nanometer Technologies},
  author={Shomalnasab, Gholamreza and Zhang, Lihong},
  journal={IEEE Transactions on Very Large Scale Integration (VLSI) Systems},
  volume={23},
  number={7},
  pages={1268--1280},
  year={2015},
  publisher={IEEE}
}

@article{bai2015stacked,
  title={Stacked 3D RRAM Array with Graphene/CNT as Edge Electrodes},
  author={Bai, Yue and Wu, Huaqiang and Wang, Kun and Wu, Riga and Song, Lin and Li, Tianyi and Wang, Jiangtao and Yu, Zhiping and Qian, He},
  journal={Scientific reports},
  volume={5},
  year={2015},
  publisher={Nature Publishing Group}
}


@book{shackelford2016crc,
  title={CRC materials science and engineering handbook},
  author={Shackelford, James F and Han, Young-Hwan and Kim, Sukyoung and Kwon, Se-Hun},
  year={2016},
  publisher={CRC press}
}


@incollection{eggers1996fast,
  title={Fast reconfigurable crossbar switching in FPGAs},
  author={Eggers, Holger and Lysaght, Patrick and Dick, Hugh and McGregor, Gordon},
  booktitle={Field-Programmable Logic Smart Applications, New Paradigms and Compilers},
  pages={297--306},
  year={1996},
  publisher={Springer}
}

@article{tsai2013resistive,
  title={Resistive random access memory enabled by carbon nanotube crossbar electrodes},
  author={Tsai, Cheng-Lin and Xiong, Feng and Pop, Eric and Shim, Moonsub},
  journal={Acs Nano},
  volume={7},
  number={6},
  pages={5360--5366},
  year={2013},
  publisher={ACS Publications}
}

@article{kannan2013sneak,
  title={Sneak-path testing of crossbar-based nonvolatile random access memories},
  author={Kannan, Sachhidh and Rajendran, Jeyavijayan and Karri, Ramesh and Sinanoglu, Ozgur},
  journal={Nanotechnology, IEEE Transactions on},
  volume={12},
  number={3},
  pages={413--426},
  year={2013},
  publisher={IEEE}
}

@article{zidan2013memristor,
  title={Memristor-based memory: The sneak paths problem and solutions},
  author={Zidan, Mohammed Affan and Fahmy, Hossam Aly Hassan and Hussain, Muhammad Mustafa and Salama, Khaled Nabil},
  journal={Microelectronics Journal},
  volume={44},
  number={2},
  pages={176--183},
  year={2013},
  publisher={Elsevier}
}

@inproceedings{xu2015overcoming,
  title={Overcoming the challenges of crossbar resistive memory architectures},
  author={Xu, Cong and Niu, Dimin and Muralimanohar, Naveen and Balasubramonian, Rajeev and Zhang, Tao and Yu, Shimeng and Xie, Yuan},
  booktitle={High Performance Computer Architecture (HPCA), 2015 IEEE 21st International Symposium on},
  pages={476--488},
  year={2015},
  organization={IEEE}
}

@article{linn2012beyond,
  title={Beyond von Neumann? logic operations in passive crossbar arrays alongside memory operations},
  author={Linn, E and Rosezin, R and Tappertzhofen, S and Waser, R and others},
  journal={Nanotechnology},
  volume={23},
  number={30},
  pages={305205},
  year={2012},
  publisher={IOP Publishing}
}

@article{rosezin2011crossbar,
  title={Crossbar logic using bipolar and complementary resistive switches},
  author={Rosezin, R and Linn, E and K{\"u}geler, C and Bruchhaus, R and Waser, R},
  journal={Electron Device Letters, IEEE},
  volume={32},
  number={6},
  pages={710--712},
  year={2011},
  publisher={IEEE}
}
@article{siemon2015complementary,
  title={A complementary resistive switch-based crossbar array adder},
  author={Siemon, Anne and Menzel, Stephan and Waser, Rainer and Linn, Eike},
  journal={Emerging and Selected Topics in Circuits and Systems, IEEE Journal on},
  volume={5},
  number={1},
  pages={64--74},
  year={2015},
  publisher={IEEE}
}

@article{kuekes2005crossbar,
  title={Crossbar nanocomputers},
  author={Kuekes, Philip J and Snider, Gregory S and Williams, R Stanley},
  journal={Scientific American},
  volume={293},
  number={5},
  pages={72--80},
  year={2005},
  publisher={Nature Publishing Group}
}

@article{strukov2012reconfigurable,
  title={Reconfigurable nano-crossbar architectures},
  author={Strukov, Dmitri B and Likharev, Konstantin K},
  journal={Nanoelectronics and Information Technology},
  pages={543--562},
  year={2012},
  publisher={New York, NY, USA: Wiley}
}

@inproceedings{zhang2015memristor,
  title={A Memristor-Crossbar/CMOS Integrated Network for Pattern Classification and Recognition},
  author={Zhang, L and Chang, ZJ},
  booktitle={International Conference on Computer Information Systems and Industrial Applications},
  year={2015},
  organization={Atlantis Press}
}

@Article{Truong2015,
  author    = {Truong, Son Ngoc and Shin, SangHak and Byeon, Sang-Don and Song, JaeSang and Min, Kyeong-Sik},
  title     = {New Twin Crossbar Architecture of Binary Memristors for Low-Power Image Recognition With Discrete Cosine Transform},
  journal   = {Nanotechnology, IEEE Transactions on},
  year      = {2015},
  volume    = {14},
  number    = {6},
  pages     = {1104--1111},
  publisher = {IEEE},
}

@inproceedings{zamanidoost2015manhattan,
  title={Manhattan rule training for memristive crossbar circuit pattern classifiers},
  author={Zamanidoost, Elham and Bayat, Farnood M and Strukov, Dmitri and Kataeva, Irina},
  booktitle={Intelligent Signal Processing (WISP), 2015 IEEE 9th International Symposium on},
  pages={1--6},
  year={2015},
  organization={IEEE}
}

@inproceedings{bennett2015supervised,
  title={Supervised learning with organic memristor devices and prospects for neural crossbar arrays},
  author={Bennett, Christopher H and Chabi, Djaafar and Cabaret, Theo and Jousselme, Bruno and Derycke, Vincent and Querlioz, Damien and Klein, Jacques-Olivier},
  booktitle={Nanoscale Architectures (NANOARCH), 2015 IEEE/ACM International Symposium on},
  pages={181--186},
  year={2015},
  organization={IEEE}
}

@article{hu2014memristor,
  title={Memristor crossbar-based neuromorphic computing system: A case study},
  author={Hu, Miao and Li, Hai and Chen, Yiran and Wu, Qing and Rose, Garrett S and Linderman, Richard W},
  journal={Neural Networks and Learning Systems, IEEE Transactions on},
  volume={25},
  number={10},
  pages={1864--1878},
  year={2014},
  publisher={IEEE}
}

@article{truong2014new,
  title={New memristor-based crossbar array architecture with 50-\% area reduction and 48-\% power saving for matrix-vector multiplication of analog neuromorphic computing},
  author={Truong, Son Ngoc and Min, Kyeong-Sik},
  journal={Journal of semiconductor technology and science},
  volume={14},
  number={3},
  pages={356--363},
  year={2014}
}

@article{ruhrmair2011applications,
  title={Applications of high-capacity crossbar memories in cryptography},
  author={Ruhrmair, U and Jaeger, Christian and Bator, Matthias and Stutzmann, Martin and Lugli, Paolo and Csaba, Gy{\"o}rgy},
  journal={Nanotechnology, IEEE Transactions on},
  volume={10},
  number={3},
  pages={489--498},
  year={2011},
  publisher={IEEE}
}

@article{wong2012metal,
  title={Metal--oxide RRAM},
  author={Wong, H-S Philip and Lee, Heng-Yuan and Yu, Shimeng and Chen, Yu-Sheng and Wu, Yi and Chen, Pang-Shiu and Lee, Byoungil and Chen, Frederick T and Tsai, Ming-Jinn},
  journal={Proceedings of the IEEE},
  volume={100},
  number={6},
  pages={1951--1970},
  year={2012},
  publisher={IEEE}
}

@incollection{micheloni20163d,
  title={3D Stacked NAND Flash Memories},
  author={Micheloni, Rino and Crippa, Luca},
  booktitle={3D Flash Memories},
  pages={63--83},
  year={2016},
  publisher={Springer}
}

@article{chua1971memristor,
  title={Memristor-the missing circuit element},
  author={Chua, Leon O},
  journal={Circuit Theory, IEEE Transactions on},
  volume={18},
  number={5},
  pages={507--519},
  year={1971},
  publisher={IEEE}
}

@inproceedings{weis2011design,
  title={Design space exploration for 3D-stacked DRAMs},
  author={Weis, Christian and Wehn, Norbert and Igor, Loi and Benini, Luca},
  booktitle={Design, Automation \& Test in Europe Conference \& Exhibition (DATE), 2011},
  pages={1--6},
  year={2011},
  organization={IEEE}
}

@book{radwan2015mathematical,
  title={On the Mathematical Modeling of Memristor, Memcapacitor, and Meminductor},
  author={Radwan, Ahmed G and Fouda, Mohammed E},
  volume={26},
  year={2015},
  publisher={Springer}
}

@article{strukov2008missing,
  title={The missing memristor found},
  author={Strukov, Dmitri B and Snider, Gregory S and Stewart, Duncan R and Williams, R Stanley},
  journal={nature},
  volume={453},
  number={7191},
  pages={80--83},
  year={2008},
  publisher={Nature Publishing Group}
}

@article{pickett2009switching,
  title={Switching dynamics in titanium dioxide memristive devices},
  author={Pickett, Matthew D and Strukov, Dmitri B and Borghetti, Julien L and Yang, J Joshua and Snider, Gregory S and Stewart, Duncan R and Williams, R Stanley},
  journal={Journal of Applied Physics},
  volume={106},
  number={7},
  pages={074508},
  year={2009},
  publisher={AIP Publishing}
}


@article{narayanan2015exploring,
  title={Exploring the Design Space for Crossbar Arrays Built With Mixed-Ionic-Electronic-Conduction (MIEC) Access Devices},
  author={Narayanan, Pritish and Burr, Geoffrey W and Shenoy, Rohit S and Stephens, Samantha and Virwani, Kumar and Padilla, Alvaro and Kurdi, B{\"u}lent N and Gopalakrishnan, Kailash},
  journal={IEEE Journal of the Electron Devices Society},
  volume={3},
  number={5},
  pages={423--434},
  year={2015},
  publisher={IEEE}
}

@article{choi2016high,
  title={High-Speed and Low-Energy Nitride Memristors},
  author={Choi, Byung Joon and Torrezan, Antonio C and Strachan, John Paul and Kotula, PG and Lohn, AJ and Marinella, Matthew J and Li, Zhiyong and Williams, R Stanley and Yang, J Joshua},
  journal={Advanced Functional Materials},
  volume={26},
  number={29},
  pages={5290--5296},
  year={2016},
  publisher={Wiley Online Library}
}

@article{chappert2007emergence,
  title={The emergence of spin electronics in data storage},
  author={Chappert, Claude and Fert, Albert and Van Dau, Fr{\'e}d{\'e}ric Nguyen},
  journal={Nature materials},
  volume={6},
  number={11},
  pages={813--823},
  year={2007},
  publisher={Nature Publishing Group}
}

@article{chanthbouala2012solid,
  title={Solid-state memories based on ferroelectric tunnel junctions},
  author={Chanthbouala, Andr{\'e} and Crassous, Arnaud and Garcia, Vincent and Bouzehouane, Karim and Fusil, St{\'e}phane and Moya, Xavier and Allibe, Julie and Dlubak, Bruno and Grollier, Julie and Xavier, St{\'e}phane and others},
  journal={Nature nanotechnology},
  volume={7},
  number={2},
  pages={101--104},
  year={2012},
  publisher={Nature Publishing Group}
}
@article{friedman2014complementary,
  title={Complementary magnetic tunnel junction logic},
  author={Friedman, Joseph S and Sahakian, Alan V},
  journal={Electron Devices, IEEE Transactions on},
  volume={61},
  number={4},
  pages={1207--1210},
  year={2014},
  publisher={IEEE}
}
@inproceedings{ziegler2002design,
  title={Design and analysis of crossbar circuits for molecular nanoelectronics},
  author={Ziegler, Matthew M and Stan, Mircea R},
  booktitle={Nanotechnology, 2002. IEEE-NANO 2002. Proceedings of the 2002 2nd IEEE Conference on},
  pages={323--327},
  year={2002},
  organization={IEEE}
}

@article{chen2013comprehensive,
  title={A comprehensive crossbar array model with solutions for line resistance and nonlinear device characteristics},
  author={Chen, An},
  journal={Electron Devices, IEEE Transactions on},
  volume={60},
  number={4},
  pages={1318--1326},
  year={2013},
  publisher={IEEE}
}



@article{chen2015nonlinearity,
  title={Nonlinearity and Asymmetry for Device Selection in Cross-Bar Memory Arrays},
  author={Chen, An},
  journal={IEEE Transactions on Electron Devices},
  volume={62},
  number={9},
  pages={2857--2864},
  year={2015},
  publisher={IEEE}
}

@article{yang2012engineering,
  title={Engineering nonlinearity into memristors for passive crossbar applications},
  author={Yang, J Joshua and Zhang, M-X and Pickett, Matthew D and Miao, Feng and Strachan, John Paul and Li, Wen-Di and Yi, Wei and Ohlberg, Douglas AA and Choi, Byung Joon and Wu, Wei and others},
  journal={Applied Physics Letters},
  volume={100},
  number={11},
  pages={113501},
  year={2012},
  publisher={AIP Publishing}
}

@article{vontobel2009writing,
  title={Writing to and reading from a nano-scale crossbar memory based on memristors},
  author={Vontobel, Pascal O and Robinett, Warren and Kuekes, Philip J and Stewart, Duncan R and Straznicky, Joseph and Williams, R Stanley},
  journal={Nanotechnology},
  volume={20},
  number={42},
  pages={425204},
  year={2009},
  publisher={IOP Publishing}
}

@inproceedings{flocke2008fundamental,
  title={A fundamental analysis of nano-crossbars with non-linear switching materials and its impact on TiO2 as a resistive layer},
  author={Flocke, A and Noll, TG and K{\"u}geler, C and Nauenheim, C and Waser, R},
  booktitle={Nanotechnology, 2008. NANO'08. 8th IEEE Conference on},
  pages={319--322},
  year={2008},
  organization={IEEE}
}
@article{agarwal2006modeling,
  title={Modeling and analysis of crosstalk noise in coupled RLC interconnects},
  author={Agarwal, Kanak and Sylvester, Dennis and Blaauw, David},
  journal={IEEE Transactions on Computer-Aided Design of Integrated Circuits and Systems},
  volume={25},
  number={5},
  pages={892--901},
  year={2006},
  publisher={IEEE}
}

@article{davis2000compact1,
  title={Compact distributed RLC interconnect models-Part II: Coupled line transient expressions and peak crosstalk in multilevel networks},
  author={Davis, Jeffrey A and Meindl, James D},
  journal={IEEE Transactions on Electron Devices},
  volume={47},
  number={11},
  pages={2078--2087},
  year={2000},
  publisher={IEEE}
}

@article{qureshi2012ac,
  title={AC sense technique for memristor crossbar},
  author={Qureshi, MS and Yi, Wei and Medeiros-Ribeiro, G and Williams, RS},
  journal={Electronics letters},
  volume={48},
  number={13},
  pages={1},
  year={2012},
  publisher={The Institution of Engineering \& Technology}
}

@book{ogata2001modern,
  title={Modern control engineering},
  author={Ogata, Katsuhiko},
  year={2001},
  publisher={Prentice Hall PTR}
}

@inproceedings{pandey2015analysis,
  title={Analysis of local interconnect resistance at scaled process nodes},
  author={Pandey, R and Agrawal, N and Arghavani, R and Datta, S},
  booktitle={Device Research Conference (DRC), 2015 73rd Annual},
  pages={184--184},
  year={2015},
  organization={IEEE}
}

@Article{Wilson2013,
  author  = {Wilson, Linda},
  title   = {International technology roadmap for semiconductors (ITRS)},
  journal = {Semiconductor Industry Association},
  year    = {2013},
}

@article{elmore1948transient,
  title={The transient response of damped linear networks with particular regard to wideband amplifiers},
  author={Elmore, WC},
  journal={Journal of applied physics},
  volume={19},
  number={1},
  pages={55--63},
  year={1948},
  publisher={AIP Publishing}
}

% Encoding: UTF-8

@article{Alemdar2017TernaryNN,
  title={Ternary neural networks for resource-efficient AI applications},
  author={Hande Alemdar and Vincent Leroy and Adrien Prost-Boucle and Fr{\'e}d{\'e}ric P{\'e}trot},
  journal={2017 International Joint Conference on Neural Networks (IJCNN)},
  year={2017},
  pages={2547-2554}
}

@article{mustafa2006design,
  title={Design and analysis of future memories based on switchable resistive elements},
  author={Mustafa, Jakob},
  journal={Germany: RWTH Aachen University},
  year={2006}
}

@inproceedings{tang2017binary,
  title={Binary convolutional neural network on RRAM},
  author={Tang, Tianqi and Xia, Lixue and Li, Boxun and Wang, Yu and Yang, Huazhong},
  booktitle={Design Automation Conference (ASP-DAC), 2017 22nd Asia and South Pacific},
  pages={782--787},
  year={2017},
  organization={IEEE}
}

@article{li2018efficient,
  title={Efficient and self-adaptive in-situ learning in multilayer memristor neural networks},
  author={Li, Can and et al.},
  journal={Nature Communications},
  pages={2385},
  year={2018},
  publisher={Nature Publishing Group}
}

@article{choi2017experimental,
  title={Experimental demonstration of feature extraction and dimensionality reduction using memristor networks},
  author={Choi, Shinhyun and et al.},
  journal={Nano letters},
  volume={17},
  number={5},
  pages={3113--3118},
  year={2017},
  publisher={ACS Publications}
}
@article{chang2017mitigating,
  title={Mitigating Asymmetric Nonlinear Weight Update Effects in Hardware Neural Network based on Analog Resistive Synapse},
  author={Chang, Chih-Cheng and et al.},
  journal={IEEE Journal on Emerging and Selected Topics in Cir. and Syst.},
  year={2017},
  publisher={IEEE}
}

@article{prezioso2015training,
  title={Training and operation of an integrated neuromorphic network based on metal-oxide memristors},
  author={Prezioso, Mirko and et al.},
  journal={Nature},
  volume={521},
  number={7550},
  pages={61--64},
  year={2015},
  publisher={Nature Research}
}

@article{tabarce2005programmable,
  title={Programmable analogue VLSI implementation for asymmetric sigmoid neural activation function and its derivative},
  author={Tabarce, S and et al.},
  journal={Electronics Letters},
  volume={41},
  number={15},
  pages={863--864},
  year={2005},
  publisher={IET}
}
@article{guo2015modeling,
  title={Modeling and experimental demonstration of a Hopfield network analog-to-digital converter with hybrid CMOS/memristor circuits},
  author={Guo, Xinjie and Merrikh-Bayat, Farnood and Gao, Ligang and Hoskins, Brian D and Alibart, Fabien and Linares-Barranco, Bernabe and Theogarajan, Luke and Teuscher, Christof and Strukov, Dmitri B},
  journal={Frontiers in neuroscience},
  volume={9},
  pages={488},
  year={2015},
  publisher={Frontiers}
}

@article{lenero2008calibration,
  title={A calibration technique for very low current and compact tunable neuromorphic cells: application to 5-bit 20-nA DACs},
  author={Le{\~n}ero-Bardallo, Juan A and et al.},
  journal={IEEE Trans. Cir. and Syst. II: Express Briefs},
  volume={55},
  pages={522--526},
  year={2008},
  publisher={IEEE}
}
@article{fouda2018modeling,
  title={Modeling and analysis of passive switching crossbar arrays},
  author={Fouda, Mohammed E and Eltawil, Ahmed M and Kurdahi, Fadi},
  journal={IEEE Transactions on Circuits and Systems I: Regular Papers},
  volume={65},
  number={1},
  pages={270--282},
  year={2018},
  publisher={IEEE}
}


@inproceedings{fouda2018overcoming,
  title={Overcoming Crossbar Nonidealities in Binary Neural Networks Through Learning},
  author={Fouda, Mohammed E and Lee, Jongeun and Eltawil, Ahmed M and Kurdahi, Fadi},
  booktitle={2018 IEEE/ACM International Symposium on Nanoscale Architectures (NANOARCH)},
  pages={1--3},
  year={2018},
  organization={IEEE}
}

@article{fouda2018independent,
  title={Independent Component Analysis Using RRAMs},
  author={Fouda, Mohammed and Neftci, Emre and Eltawil, Ahmed M and Kurdahi, Fadi},
  journal={IEEE Trans. on Nanotech.},
  year={2018},
  publisher={IEEE}
}


@article{al1997cmos,
  title={CMOS analogue neurone circuit with programmable activation functions utilising MOS transistors with optimised process/device parameters},
  author={Al-Ruwaihi, KM},
  journal={IEE Proceedings-Circuits, Devices and Systems},
  volume={144},
  number={6},
  pages={318--322},
  year={1997},
  publisher={IET}
}

@article{kim2017four,
  title={Four-Bits-Per-Cell Operation in an HfO2-Based Resistive Switching Device},
  author={Kim, Gun Hwan and Ju, Hyunsu and Yang, Min Kyu and Lee, Dong Kyu and Choi, Ji Woon and Jang, Jae Hyuck and Lee, Sang Gil and Cha, Ik Su and Park, Bo Keun and Han, Jeong Hwan and others},
  journal={Small},
  volume={13},
  number={40},
  pages={1701781},
  year={2017},
  publisher={Wiley Online Library}
}


@inproceedings{lu2002hardware,
  title={Hardware implementation of an expandable on-chip learning neural network with 8-neuron and 64-synapse},
  author={Lu, Chun and Shi, Bingxue and Chen, Lu},
  booktitle={TENCON'02.},
  volume={3},
  pages={1451--1454},
  year={2002},
  organization={IEEE}
}

@article{carrasco2009novel,
  title={A novel minimum-size activation function and its derivative},
  author={Carrasco-Robles, Manuel and Serrano, Luis},
  journal={IEEE Transactions on Circuits and Systems II: Express Briefs},
  volume={56},
  number={4},
  pages={280--284},
  year={2009},
  publisher={IEEE}
}

@article{sedra1990current,
  title={The current conveyor: history, progress and new results},
  author={Sedra, AS and Roberts, Gordon W and Gohh, F},
  journal={IEE Proceedings G-Circuits, Devices and Systems},
  volume={137},
  number={2},
  pages={78--87},
  year={1990},
  publisher={IET}
}

@article{carrasco2009accurate,
  title={Accurate differential tanh (nx) implementation},
  author={Carrasco-Robles, Manuel and Serrano, Luis},
  journal={International Journal of Circuit Theory and Applications},
  volume={37},
  number={5},
  pages={613--629},
  year={2009},
  publisher={Wiley Online Library}
}

@article{chande1995neural,
  title={On neural networks for analog to digital conversion},
  author={Chande, Vinay and Poonacha, PG},
  journal={IEEE trans. on neural networks},
  volume={6},
  pages={1269--1274},
  year={1995},
  publisher={IEEE}
}

@article{elwan1996cmos,
  title={CMOS differential current conveyors and applications for analog VLSI},
  author={Elwan, Hassan O and Soliman, Ahmed M},
  journal={Analog Integrated Circuits and Signal Processing},
  volume={11},
  number={1},
  pages={35--45},
  year={1996},
  publisher={Springer}
}

@inproceedings{bafumba2008generic,
  title={Generic crossbar network on chip for FPGA MPSoCs},
  author={Bafumba-Lokilo, David and Savaria, Yvon and David, Jean-Pierre},
  booktitle={Circuits and Systems and TAISA Conference, 2008. NEWCAS-TAISA 2008. 2008 Joint 6th International IEEE Northeast Workshop on},
  pages={269--272},
  year={2008},
  organization={IEEE}
}


@article{furber2016large,
  title={Large-scale neuromorphic computing systems},
  author={Furber, Steve},
  journal={Journal of neural engineering},
  volume={13},
  number={5},
  pages={051001},
  year={2016},
  publisher={IOP Publishing}
}

@article{daly2017through,
  title={Through the Looking Glass--The 2017 Edition: Trends in Solid-State Circuits from ISSCC},
  author={Daly, Denis C and Fujino, Laura C and Smith, Kenneth C},
  journal={IEEE Solid-State Circuits Magazine},
  volume={9},
  number={1},
  pages={12--22},
  year={2017},
  publisher={IEEE}
}

@inproceedings{huang2013design,
  title={Design and analysis of novel dynamic latched comparator with reduced kickback noise for high-speed ADCs},
  author={Huang, Yan and Schleifer, Horst and Killat, Dirk},
  booktitle={Circuit Theory and Design (ECCTD), 2013 European Conference on},
  pages={1--4},
  year={2013},
  organization={IEEE}
}

@Article{Sedra1990,
  author    = {Sedra, AS and Roberts, Gordon W and Gohh, F},
  title     = {The current conveyor: history, progress and new results},
  journal   = {IEE Proceedings G-Circuits, Devices and Systems},
  year      = {1990},
  volume    = {137},
  number    = {2},
  pages     = {78--87},
  publisher = {IET},
}

@Misc{xpoint,
  author       = {S. Anthony},
  title        = {HP and SanDisk join forces to finally bring memristorlike tech to market},
  howpublished = {\url{http://arstechnica.com/gadgets/2015/10/hp-and-sandisk-join-forces-tofinally-bring-memristor-like-tech-to-market}},
  month        = {Oct},
  year         = {2015},
  note         = {Accessed: 1-July-2017},
}

@Article{Elwan1996,
  author    = {Elwan, Hassan O and Soliman, Ahmed M},
  title     = {CMOS differential current conveyors and applications for analog VLSI},
  journal   = {Analog Integrated Circuits and Signal Processing},
  year      = {1996},
  volume    = {11},
  number    = {1},
  pages     = {35--45},
  publisher = {Springer},
}

@article{kimschottky,
  title={Schottky Diode With Excellent Performance for Large Integration Density of Crossbar Resistive Memory; May 24, 2012; 2012 American Institute of Physics},
  author={Kim, G and others},
  journal={Applied Physics Letters},
  pages={213508--1}
}

@article{zidan2014memristor,
  title={Memristor multiport readout: A closed-form solution for sneak paths},
  author={Zidan, Mohammed A. and et al.},
  journal={Nanotechnology, IEEE Trans.},
  volume={13},
  number={2},
  pages={274--282},
  year={2014},
  publisher={IEEE}
}

@article{truong2015new,
  title={New Twin Crossbar Architecture of Binary Memristors for Low-Power Image Recognition With Discrete Cosine Transform},
  author={Truong, Son Ngoc and et al.},
  journal={Nanotechnol., IEEE Trans.},
  volume={14},
  number={6},
  pages={1104--1111},
  year={2015},
  publisher={IEEE}
}

@article{lugli2013physical,
  title={Physical unclonable functions based on crossbar arrays for cryptographic applications},
  author={Lugli, Paolo and Mahmoud, Ahmed and Csaba, Gy{\"o}rgy and Algasinger, Michael and Stutzmann, Martin and R{\"u}hrmair, Ulrich},
  journal={International journal of circuit theory and applications},
  volume={41},
  number={6},
  pages={619--633},
  year={2013},
  publisher={Wiley Online Library}
}
@article{miao2011anatomy,
  title={Anatomy of a Nanoscale Conduction Channel Reveals the Mechanism of a High-Performance Memristor},
  author={Miao, Feng and Strachan, John Paul and Yang, J Joshua and Zhang, Min-Xian and Goldfarb, Ilan and Torrezan, Antonio C and Eschbach, Peter and Kelley, Ronald D and Medeiros-Ribeiro, Gilberto and Williams, R Stanley},
  journal={Advanced Materials},
  volume={23},
  number={47},
  pages={5633--5640},
  year={2011},
  publisher={Wiley Online Library}
}

@article{bromberg2012novel,
  title={Novel STT-MTJ device enabling all-metallic logic circuits},
  author={Bromberg, David M and Morris, Daniel H and Pileggi, Larry and Zhu, Jian-Gang},
  journal={Magnetics, IEEE Transactions on},
  volume={48},
  number={11},
  pages={3215--3218},
  year={2012},
  publisher={IEEE}
}

@article{kawahara20138,
  title={An 8 Mb multi-layered cross-point ReRAM macro with 443 MB/s write throughput},
  author={Kawahara, Akifumi and Azuma, Ryotaro and Ikeda, Yuuichirou and Kawai, Ken and Katoh, Yoshikazu and Hayakawa, Yukio and Tsuji, Kiyotaka and Yoneda, Shinichi and Himeno, Atsushi and Shimakawa, Kazuhiko and others},
  journal={IEEE Journal of Solid-State Circuits},
  volume={48},
  number={1},
  pages={178--185},
  year={2013},
  publisher={IEEE}
}



@article{liu2014130,
  title={A 130.7-$mm^2$ 2-Layer 32-Gb ReRAM Memory Device in 24-nm Technology},
  author={Liu, Tz-yi and Yan, Tian Hong and Scheuerlein, Roy and Chen, Yingchang and Lee, Jeffrey KoonYee and Balakrishnan, Gopinath and Yee, Gordon and Zhang, Henry and Yap, Alex and Ouyang, Jingwen and others},
  journal={IEEE Journal of Solid-State Circuits},
  volume={49},
  number={1},
  pages={140--153},
  year={2014},
  publisher={IEEE}
}


@article{kim2016voltage,
  title={Voltage divider effect for the improvement of variability and endurance of TaOx memristor},
  author={Kim, Kyung Min and Yang, J Joshua and Strachan, John Paul and Grafals, Emmanuelle Merced and Ge, Ning and Melendez, Noraica Davila and Li, Zhiyong and Williams, R Stanley},
  journal={Scientific reports},
  volume={6},
  year={2016},
  publisher={Nature Publishing Group}
}

@article{vourkas2016alternative,
  title={Alternative architectures toward reliable memristive crossbar memories},
  author={Vourkas, Ioannis and et al.},
  journal={IEEE Trans. Very Large Scale Integr. (VLSI) Syst.},
  volume={24},
  number={1},
  pages={206--217},
  year={2016},
  publisher={IEEE}
}

@article{naous2016pilot,
  title={Pilot assisted readout for passive memristor crossbars},
  author={Naous, Rawan and et al.},
  journal={Microelectronics Journal},
  volume={54},
  pages={48--58},
  year={2016},
  publisher={Elsevier}
}

@article{zidan2016single,
  title={Single-readout high-density memristor crossbar},
  author={Zidan, MA and et al.},
  journal={Scientific reports},
  volume={6},
  year={2016},
  publisher={Nature Publishing Group}
}

@inproceedings{banerjee2005interconnect,
  title={Interconnect modeling and analysis in the nanometer era: Cu and beyond},
  author={Banerjee, Kaustav and Im, Sungjun and Srivastava, Navin},
  booktitle={Proceedings of the 22nd Advanced Metallization Conference (AMCï¿½05)},
  pages={25--31},
  year={2005}
}

@article{hou2016ferroelectric,
  title={A ferroelectric memristor based on the migration of oxygen vacancies},
  author={Hou, Pengfei and Wang, Jinbin and Zhong, Xiangli and Wu, Yuexian},
  journal={RSC Advances},
  year={2016},
  publisher={Royal Society of Chemistry}
}


@inproceedings{jo20143d,
  title={3D-stackable crossbar resistive memory based on field assisted superlinear threshold (FAST) selector},
  author={Jo, Sung Hyun and Kumar, Tanmay and Narayanan, Sundar and Lu, Wei D and Nazarian, Hagop},
  booktitle={Electron Devices Meeting (IEDM), 2014 IEEE International},
  pages={6--7},
  year={2014},
  organization={IEEE}
}

@article{shomalnasab2015new,
  title={New analytic model of coupling and substrate capacitance in Nanometer Technologies},
  author={Shomalnasab, Gholamreza and Zhang, Lihong},
  journal={IEEE Transactions on Very Large Scale Integration (VLSI) Systems},
  volume={23},
  number={7},
  pages={1268--1280},
  year={2015},
  publisher={IEEE}
}

@article{bai2015stacked,
  title={Stacked 3D RRAM Array with Graphene/CNT as Edge Electrodes},
  author={Bai, Yue and Wu, Huaqiang and Wang, Kun and Wu, Riga and Song, Lin and Li, Tianyi and Wang, Jiangtao and Yu, Zhiping and Qian, He},
  journal={Scientific reports},
  volume={5},
  year={2015},
  publisher={Nature Publishing Group}
}


@book{shackelford2016crc,
  title={CRC materials science and engineering handbook},
  author={Shackelford, James F and Han, Young-Hwan and Kim, Sukyoung and Kwon, Se-Hun},
  year={2016},
  publisher={CRC press}
}


@incollection{eggers1996fast,
  title={Fast reconfigurable crossbar switching in FPGAs},
  author={Eggers, Holger and Lysaght, Patrick and Dick, Hugh and McGregor, Gordon},
  booktitle={Field-Programmable Logic Smart Applications, New Paradigms and Compilers},
  pages={297--306},
  year={1996},
  publisher={Springer}
}

@article{tsai2013resistive,
  title={Resistive random access memory enabled by carbon nanotube crossbar electrodes},
  author={Tsai, Cheng-Lin and Xiong, Feng and Pop, Eric and Shim, Moonsub},
  journal={Acs Nano},
  volume={7},
  number={6},
  pages={5360--5366},
  year={2013},
  publisher={ACS Publications}
}

@article{kannan2013sneak,
  title={Sneak-path testing of crossbar-based nonvolatile random access memories},
  author={Kannan, Sachhidh and Rajendran, Jeyavijayan and Karri, Ramesh and Sinanoglu, Ozgur},
  journal={Nanotechnology, IEEE Transactions on},
  volume={12},
  number={3},
  pages={413--426},
  year={2013},
  publisher={IEEE}
}

@article{zidan2013memristor,
  title={Memristor-based memory: The sneak paths problem and solutions},
  author={Zidan, Mohammed Affan and Fahmy, Hossam Aly Hassan and Hussain, Muhammad Mustafa and Salama, Khaled Nabil},
  journal={Microelectronics Journal},
  volume={44},
  number={2},
  pages={176--183},
  year={2013},
  publisher={Elsevier}
}

@inproceedings{xu2015overcoming,
  title={Overcoming the challenges of crossbar resistive memory architectures},
  author={Xu, Cong and Niu, Dimin and Muralimanohar, Naveen and Balasubramonian, Rajeev and Zhang, Tao and Yu, Shimeng and Xie, Yuan},
  booktitle={High Performance Computer Architecture (HPCA), 2015 IEEE 21st International Symposium on},
  pages={476--488},
  year={2015},
  organization={IEEE}
}

@article{linn2012beyond,
  title={Beyond von Neumann? logic operations in passive crossbar arrays alongside memory operations},
  author={Linn, E and Rosezin, R and Tappertzhofen, S and Waser, R and others},
  journal={Nanotechnology},
  volume={23},
  number={30},
  pages={305205},
  year={2012},
  publisher={IOP Publishing}
}

@article{rosezin2011crossbar,
  title={Crossbar logic using bipolar and complementary resistive switches},
  author={Rosezin, R and Linn, E and K{\"u}geler, C and Bruchhaus, R and Waser, R},
  journal={Electron Device Letters, IEEE},
  volume={32},
  number={6},
  pages={710--712},
  year={2011},
  publisher={IEEE}
}
@article{siemon2015complementary,
  title={A complementary resistive switch-based crossbar array adder},
  author={Siemon, Anne and Menzel, Stephan and Waser, Rainer and Linn, Eike},
  journal={Emerging and Selected Topics in Circuits and Systems, IEEE Journal on},
  volume={5},
  number={1},
  pages={64--74},
  year={2015},
  publisher={IEEE}
}

@article{kuekes2005crossbar,
  title={Crossbar nanocomputers},
  author={Kuekes, Philip J and Snider, Gregory S and Williams, R Stanley},
  journal={Scientific American},
  volume={293},
  number={5},
  pages={72--80},
  year={2005},
  publisher={Nature Publishing Group}
}

@article{strukov2012reconfigurable,
  title={Reconfigurable nano-crossbar architectures},
  author={Strukov, Dmitri B and Likharev, Konstantin K},
  journal={Nanoelectronics and Information Technology},
  pages={543--562},
  year={2012},
  publisher={New York, NY, USA: Wiley}
}

@inproceedings{zhang2015memristor,
  title={A Memristor-Crossbar/CMOS Integrated Network for Pattern Classification and Recognition},
  author={Zhang, L and Chang, ZJ},
  booktitle={International Conference on Computer Information Systems and Industrial Applications},
  year={2015},
  organization={Atlantis Press}
}

@Article{Truong2015,
  author    = {Truong, Son Ngoc and Shin, SangHak and Byeon, Sang-Don and Song, JaeSang and Min, Kyeong-Sik},
  title     = {New Twin Crossbar Architecture of Binary Memristors for Low-Power Image Recognition With Discrete Cosine Transform},
  journal   = {Nanotechnology, IEEE Transactions on},
  year      = {2015},
  volume    = {14},
  number    = {6},
  pages     = {1104--1111},
  publisher = {IEEE},
}

@inproceedings{zamanidoost2015manhattan,
  title={Manhattan rule training for memristive crossbar circuit pattern classifiers},
  author={Zamanidoost, Elham and Bayat, Farnood M and Strukov, Dmitri and Kataeva, Irina},
  booktitle={Intelligent Signal Processing (WISP), 2015 IEEE 9th International Symposium on},
  pages={1--6},
  year={2015},
  organization={IEEE}
}

@inproceedings{bennett2015supervised,
  title={Supervised learning with organic memristor devices and prospects for neural crossbar arrays},
  author={Bennett, Christopher H and Chabi, Djaafar and Cabaret, Theo and Jousselme, Bruno and Derycke, Vincent and Querlioz, Damien and Klein, Jacques-Olivier},
  booktitle={Nanoscale Architectures (NANOARCH), 2015 IEEE/ACM International Symposium on},
  pages={181--186},
  year={2015},
  organization={IEEE}
}

@article{hu2014memristor,
  title={Memristor crossbar-based neuromorphic computing system: A case study},
  author={Hu, Miao and Li, Hai and Chen, Yiran and Wu, Qing and Rose, Garrett S and Linderman, Richard W},
  journal={Neural Networks and Learning Systems, IEEE Transactions on},
  volume={25},
  number={10},
  pages={1864--1878},
  year={2014},
  publisher={IEEE}
}

@article{truong2014new,
  title={New memristor-based crossbar array architecture with 50-\% area reduction and 48-\% power saving for matrix-vector multiplication of analog neuromorphic computing},
  author={Truong, Son Ngoc and Min, Kyeong-Sik},
  journal={Journal of semiconductor technology and science},
  volume={14},
  number={3},
  pages={356--363},
  year={2014}
}

@article{ruhrmair2011applications,
  title={Applications of high-capacity crossbar memories in cryptography},
  author={Ruhrmair, U and Jaeger, Christian and Bator, Matthias and Stutzmann, Martin and Lugli, Paolo and Csaba, Gy{\"o}rgy},
  journal={Nanotechnology, IEEE Transactions on},
  volume={10},
  number={3},
  pages={489--498},
  year={2011},
  publisher={IEEE}
}

@article{wong2012metal,
  title={Metal--oxide RRAM},
  author={Wong, H-S Philip and Lee, Heng-Yuan and Yu, Shimeng and Chen, Yu-Sheng and Wu, Yi and Chen, Pang-Shiu and Lee, Byoungil and Chen, Frederick T and Tsai, Ming-Jinn},
  journal={Proceedings of the IEEE},
  volume={100},
  number={6},
  pages={1951--1970},
  year={2012},
  publisher={IEEE}
}

@incollection{micheloni20163d,
  title={3D Stacked NAND Flash Memories},
  author={Micheloni, Rino and Crippa, Luca},
  booktitle={3D Flash Memories},
  pages={63--83},
  year={2016},
  publisher={Springer}
}

@article{chua1971memristor,
  title={Memristor-the missing circuit element},
  author={Chua, Leon O},
  journal={Circuit Theory, IEEE Transactions on},
  volume={18},
  number={5},
  pages={507--519},
  year={1971},
  publisher={IEEE}
}

@inproceedings{weis2011design,
  title={Design space exploration for 3D-stacked DRAMs},
  author={Weis, Christian and Wehn, Norbert and Igor, Loi and Benini, Luca},
  booktitle={Design, Automation \& Test in Europe Conference \& Exhibition (DATE), 2011},
  pages={1--6},
  year={2011},
  organization={IEEE}
}

@book{radwan2015mathematical,
  title={On the Mathematical Modeling of Memristor, Memcapacitor, and Meminductor},
  author={Radwan, Ahmed G and Fouda, Mohammed E},
  volume={26},
  year={2015},
  publisher={Springer}
}

@article{strukov2008missing,
  title={The missing memristor found},
  author={Strukov, Dmitri B and Snider, Gregory S and Stewart, Duncan R and Williams, R Stanley},
  journal={nature},
  volume={453},
  number={7191},
  pages={80--83},
  year={2008},
  publisher={Nature Publishing Group}
}

@article{pickett2009switching,
  title={Switching dynamics in titanium dioxide memristive devices},
  author={Pickett, Matthew D and Strukov, Dmitri B and Borghetti, Julien L and Yang, J Joshua and Snider, Gregory S and Stewart, Duncan R and Williams, R Stanley},
  journal={Journal of Applied Physics},
  volume={106},
  number={7},
  pages={074508},
  year={2009},
  publisher={AIP Publishing}
}


@article{narayanan2015exploring,
  title={Exploring the Design Space for Crossbar Arrays Built With Mixed-Ionic-Electronic-Conduction (MIEC) Access Devices},
  author={Narayanan, Pritish and Burr, Geoffrey W and Shenoy, Rohit S and Stephens, Samantha and Virwani, Kumar and Padilla, Alvaro and Kurdi, B{\"u}lent N and Gopalakrishnan, Kailash},
  journal={IEEE Journal of the Electron Devices Society},
  volume={3},
  number={5},
  pages={423--434},
  year={2015},
  publisher={IEEE}
}

@article{choi2016high,
  title={High-Speed and Low-Energy Nitride Memristors},
  author={Choi, Byung Joon and Torrezan, Antonio C and Strachan, John Paul and Kotula, PG and Lohn, AJ and Marinella, Matthew J and Li, Zhiyong and Williams, R Stanley and Yang, J Joshua},
  journal={Advanced Functional Materials},
  volume={26},
  number={29},
  pages={5290--5296},
  year={2016},
  publisher={Wiley Online Library}
}

@article{chappert2007emergence,
  title={The emergence of spin electronics in data storage},
  author={Chappert, Claude and Fert, Albert and Van Dau, Fr{\'e}d{\'e}ric Nguyen},
  journal={Nature materials},
  volume={6},
  number={11},
  pages={813--823},
  year={2007},
  publisher={Nature Publishing Group}
}

@article{chanthbouala2012solid,
  title={Solid-state memories based on ferroelectric tunnel junctions},
  author={Chanthbouala, Andr{\'e} and Crassous, Arnaud and Garcia, Vincent and Bouzehouane, Karim and Fusil, St{\'e}phane and Moya, Xavier and Allibe, Julie and Dlubak, Bruno and Grollier, Julie and Xavier, St{\'e}phane and others},
  journal={Nature nanotechnology},
  volume={7},
  number={2},
  pages={101--104},
  year={2012},
  publisher={Nature Publishing Group}
}
@article{friedman2014complementary,
  title={Complementary magnetic tunnel junction logic},
  author={Friedman, Joseph S and Sahakian, Alan V},
  journal={Electron Devices, IEEE Transactions on},
  volume={61},
  number={4},
  pages={1207--1210},
  year={2014},
  publisher={IEEE}
}
@inproceedings{ziegler2002design,
  title={Design and analysis of crossbar circuits for molecular nanoelectronics},
  author={Ziegler, Matthew M and Stan, Mircea R},
  booktitle={Nanotechnology, 2002. IEEE-NANO 2002. Proceedings of the 2002 2nd IEEE Conference on},
  pages={323--327},
  year={2002},
  organization={IEEE}
}

@article{chen2013comprehensive,
  title={A comprehensive crossbar array model with solutions for line resistance and nonlinear device characteristics},
  author={Chen, An},
  journal={Electron Devices, IEEE Transactions on},
  volume={60},
  number={4},
  pages={1318--1326},
  year={2013},
  publisher={IEEE}
}



@article{chen2015nonlinearity,
  title={Nonlinearity and Asymmetry for Device Selection in Cross-Bar Memory Arrays},
  author={Chen, An},
  journal={IEEE Transactions on Electron Devices},
  volume={62},
  number={9},
  pages={2857--2864},
  year={2015},
  publisher={IEEE}
}

@article{yang2012engineering,
  title={Engineering nonlinearity into memristors for passive crossbar applications},
  author={Yang, J Joshua and Zhang, M-X and Pickett, Matthew D and Miao, Feng and Strachan, John Paul and Li, Wen-Di and Yi, Wei and Ohlberg, Douglas AA and Choi, Byung Joon and Wu, Wei and others},
  journal={Applied Physics Letters},
  volume={100},
  number={11},
  pages={113501},
  year={2012},
  publisher={AIP Publishing}
}

@article{vontobel2009writing,
  title={Writing to and reading from a nano-scale crossbar memory based on memristors},
  author={Vontobel, Pascal O and Robinett, Warren and Kuekes, Philip J and Stewart, Duncan R and Straznicky, Joseph and Williams, R Stanley},
  journal={Nanotechnology},
  volume={20},
  number={42},
  pages={425204},
  year={2009},
  publisher={IOP Publishing}
}

@inproceedings{flocke2008fundamental,
  title={A fundamental analysis of nano-crossbars with non-linear switching materials and its impact on TiO2 as a resistive layer},
  author={Flocke, A and Noll, TG and K{\"u}geler, C and Nauenheim, C and Waser, R},
  booktitle={Nanotechnology, 2008. NANO'08. 8th IEEE Conference on},
  pages={319--322},
  year={2008},
  organization={IEEE}
}
@article{agarwal2006modeling,
  title={Modeling and analysis of crosstalk noise in coupled RLC interconnects},
  author={Agarwal, Kanak and Sylvester, Dennis and Blaauw, David},
  journal={IEEE Transactions on Computer-Aided Design of Integrated Circuits and Systems},
  volume={25},
  number={5},
  pages={892--901},
  year={2006},
  publisher={IEEE}
}

@article{davis2000compact1,
  title={Compact distributed RLC interconnect models-Part II: Coupled line transient expressions and peak crosstalk in multilevel networks},
  author={Davis, Jeffrey A and Meindl, James D},
  journal={IEEE Transactions on Electron Devices},
  volume={47},
  number={11},
  pages={2078--2087},
  year={2000},
  publisher={IEEE}
}

@article{qureshi2012ac,
  title={AC sense technique for memristor crossbar},
  author={Qureshi, MS and Yi, Wei and Medeiros-Ribeiro, G and Williams, RS},
  journal={Electronics letters},
  volume={48},
  number={13},
  pages={1},
  year={2012},
  publisher={The Institution of Engineering \& Technology}
}

@book{ogata2001modern,
  title={Modern control engineering},
  author={Ogata, Katsuhiko},
  year={2001},
  publisher={Prentice Hall PTR}
}

@inproceedings{pandey2015analysis,
  title={Analysis of local interconnect resistance at scaled process nodes},
  author={Pandey, R and Agrawal, N and Arghavani, R and Datta, S},
  booktitle={Device Research Conference (DRC), 2015 73rd Annual},
  pages={184--184},
  year={2015},
  organization={IEEE}
}


@ARTICLE{zheng2018learning, 
author={N. {Zheng} and P. {Mazumder}}, 
journal={IEEE Transactions on Nanotechnology}, 
title={Learning in Memristor Crossbar-Based Spiking Neural Networks Through Modulation of Weight-Dependent Spike-Timing-Dependent Plasticity}, 
year={2018}, 
volume={17}, 
number={3}, 
pages={520-532}, 
ISSN={1536-125X}, 
month={May},}


@ARTICLE{hu2017compact, 
author={M. {Hu} and Y. {Chen} and J. J. {Yang} and Y. {Wang} and H. H. {Li}}, 
journal={IEEE Transactions on Computer-Aided Design of Integrated Circuits and Systems}, 
title={A Compact Memristor-Based Dynamic Synapse for Spiking Neural Networks}, 
year={2017}, 
volume={36}, 
number={8}, 
pages={1353-1366}, 
ISSN={0278-0070}, 
month={Aug},}

@ARTICLE{wu2019dendritic, 
author={X. {Wu} and V. {Saxena}}, 
journal={IEEE Transactions on Nanotechnology}, 
title={Dendritic-Inspired Processing Enables Bio-Plausible STDP in Compound Binary Synapses}, 
year={2019}, 
volume={18}, 
number={}, 
pages={149-159}, 
ISSN={1536-125X}, 
month={},}

@article{savin2010independent,
  title={Independent component analysis in spiking neurons},
  author={Savin, Cristina and Joshi, Prashant and Triesch, Jochen},
  journal={PLoS computational biology},
  volume={6},
  number={4},
  pages={e1000757},
  year={2010},
  publisher={Public Library of Science}
}


@Article{Wilson2013,
  author  = {Wilson, Linda},
  title   = {International technology roadmap for semiconductors (ITRS)},
  journal = {Semiconductor Industry Association},
  year    = {2013},
}

@article{elmore1948transient,
  title={The transient response of damped linear networks with particular regard to wideband amplifiers},
  author={Elmore, WC},
  journal={Journal of applied physics},
  volume={19},
  number={1},
  pages={55--63},
  year={1948},
  publisher={AIP Publishing}
}

@inproceedings{zhao2018characterizing,
  title={Characterizing Endurance Degradation of Incremental Switching in Analog RRAM for Neuromorphic Systems},
  author={Zhao, Meiran and Wu, Huaqiang and Gao, Bin and Sun, Xiaoyu and Liu, Yuyi and Yao, Peng and Xi, Yue and Li, Xinyi and Zhang, Qingtian and Wang, Kanwen and others},
  booktitle={2018 IEEE International Electron Devices Meeting (IEDM)},
  pages={20--2},
  year={2018},
  organization={IEEE}
}


@article{woo2018resistive,
  title={Resistive memory-based analog synapse: The pursuit for linear and symmetric weight update},
  author={Woo, Jiyong and Yu, Shimeng},
  journal={IEEE Nanotechnology Magazine},
  volume={12},
  number={3},
  pages={36--44},
  year={2018},
  publisher={IEEE}
}

@inproceedings{azzaz2016endurance,
  title={Endurance/retention trade off in HfOx and TaOx based RRAM},
  author={Azzaz, M and Vianello, E and Sklenard, B and Blaise, P and Roule, A and Sabbione, C and Bernasconi, S and Charpin, C and Cagli, C and Jalaguier, E and others},
  booktitle={2016 IEEE 8th International Memory Workshop (IMW)},
  pages={1--4},
  year={2016},
  organization={IEEE}
}

@inproceedings{zhao2017investigation,
  title={Investigation of statistical retention of filamentary analog RRAM for neuromophic computing},
  author={Zhao, Meiran and Wu, Huaqiang and Gao, Bin and Zhang, Qingtian and Wu, Wei and Wang, Shan and Xi, Yue and Wu, Dong and Deng, Ning and Yu, Shimeng and others},
  booktitle={2017 IEEE International Electron Devices Meeting (IEDM)},
  pages={39--4},
  year={2017},
  organization={IEEE}
}

@inproceedings{chen2011physical,
  title={Physical mechanisms of endurance degradation in TMO-RRAM},
  author={Chen, B and Lu, Y and Gao, B and Fu, YH and Zhang, FF and Huang, P and Chen, YS and Liu, LF and Liu, XY and Kang, JF and others},
  booktitle={2011 International Electron Devices Meeting},
  pages={12--3},
  year={2011},
  organization={IEEE}
}

@inproceedings{nail2016understanding,
  title={Understanding RRAM endurance, retention and window margin trade-off using experimental results and simulations},
  author={Nail, C and Molas, G and Blaise, P and Piccolboni, G and Sklenard, B and Cagli, C and Bernard, M and Roule, A and Azzaz, M and Vianello, E and others},
  booktitle={2016 IEEE International Electron Devices Meeting (IEDM)},
  pages={4--5},
  year={2016},
  organization={IEEE}
}

@article{torrezan2011sub,
  title={Sub-nanosecond switching of a tantalum oxide memristor},
  author={Torrezan, Antonio C and Strachan, John Paul and Medeiros-Ribeiro, Gilberto and Williams, R Stanley},
  journal={Nanotechnology},
  volume={22},
  number={48},
  pages={485203},
  year={2011},
  publisher={IOP Publishing}
}

@article{lin1984signal,
  title={Signal delay in general RC networks},
  author={Lin, Tzu-Mu and Mead, Carver A},
  journal={Computer-Aided Design of Integrated Circuits and Systems, IEEE Transactions on},
  volume={3},
  number={4},
  pages={331--349},
  year={1984},
  publisher={IEEE}
}

@article{hegde2016lower,
  title={Lower limits of line resistance in Back End of Line Cu interconnects},
  author={Hegde, Ganesh and Bowen, R Chris and Rodder, Mark S},
  journal={arXiv preprint arXiv:1601.06675},
  year={2016}
}

@Book{rabaey2002digital,
  title     = {Digital integrated circuits},
  publisher = {Prentice hall Englewood Cliffs},
  year      = {2002},
  author    = {Rabaey, Jan M and Chandrakasan, Anantha P and Nikolic, Borivoje},
  volume    = {2},
}

@article{torrezan2011sub,
  title={Sub-nanosecond switching of a tantalum oxide memristor},
  author={Torrezan, Antonio C and Strachan, John Paul and Medeiros-Ribeiro, Gilberto and Williams, R Stanley},
  journal={Nanotechnology},
  volume={22},
  number={48},
  pages={485203},
  year={2011},
  publisher={IOP Publishing}
}

@article{lin1984signal,
  title={Signal delay in general RC networks},
  author={Lin, Tzu-Mu and Mead, Carver A},
  journal={Computer-Aided Design of Integrated Circuits and Systems, IEEE Transactions on},
  volume={3},
  number={4},
  pages={331--349},
  year={1984},
  publisher={IEEE}
}

@article{hegde2016lower,
  title={Lower limits of line resistance in Back End of Line Cu interconnects},
  author={Hegde, Ganesh and Bowen, R Chris and Rodder, Mark S},
  journal={arXiv preprint arXiv:1601.06675},
  year={2016}
}

@Book{rabaey2002digital,
  title     = {Digital integrated circuits},
  publisher = {Prentice hall Englewood Cliffs},
  year      = {2002},
  author    = {Rabaey, Jan M and Chandrakasan, Anantha P and Nikolic, Borivoje},
  volume    = {2},
}

@Comment{jabref-meta: databaseType:bibtex;}


@article{lin1984signal,
  title={Signal delay in general RC networks},
  author={Lin, Tzu-Mu and Mead, Carver A},
  journal={Computer-Aided Design of Integrated Circuits and Systems, IEEE Transactions on},
  volume={3},
  number={4},
  pages={331--349},
  year={1984},
  publisher={IEEE}
}

@article{hegde2016lower,
  title={Lower limits of line resistance in Back End of Line Cu interconnects},
  author={Hegde, Ganesh and Bowen, R Chris and Rodder, Mark S},
  journal={arXiv preprint arXiv:1601.06675},
  year={2016}
}

@Book{rabaey2002digital,
  title     = {Digital integrated circuits},
  publisher = {Prentice hall Englewood Cliffs},
  year      = {2002},
  author    = {Rabaey, Jan M and Chandrakasan, Anantha P and Nikolic, Borivoje},
  volume    = {2},
}

@Comment{jabref-meta: databaseType:bibtex;}
